% 01 RM for Basic Knowledge Recap
@book{BKR_01,
  title={Introduction to Food Chemistry},
  author={Owusu-Apenten, Richard},
  year={2004},
  publisher={CRC Press},
  address={Boca Raton, FL}
}

% 02 RM for Basic Knowledge Recap
@book{BKR_02,
  title={Understanding food: principles and preparation},
  author={Brown, Amy C and Walter, Janelle M and Beathard, Karen},
  year={2015},
  edition={5th},
  publisher={Cengage learning Boston, MA, USA:}
}
